<?xml version="1.0" encoding="UTF-8"?><collection xmlns="http://www.loc.gov/MARC21/slim"><record><leader>00419nam--2200133-i-4500</leader><controlfield tag="001">000011181</controlfield><controlfield tag="002">20161230</controlfield><controlfield tag="005">20161230201029</controlfield><controlfield tag="008">060222s1000------------r-----000-0-eng-d</controlfield><datafield ind1=" " ind2=" " tag="080"><subfield code="a">541.12.03(083):547(083)</subfield></datafield><datafield ind1=" " ind2=" " tag="245"><subfield code="a">Atlas of spectral data and physical constants for organic compounds</subfield></datafield><datafield ind1=" " ind2=" " tag="260"><subfield code="a">Cleveland, Ohio, A Division Of The Chemical Rubber Co., 1973 /P. Dif.</subfield></datafield><datafield ind1=" " ind2=" " tag="700"><subfield code="a">Grasselli, Jeanette G</subfield></datafield><datafield ind1=" " ind2=" " tag="852"><subfield code="a">41859</subfield></datafield></record></collection>